@inproceedings{macal2014introductory,
	title={Introductory tutorial: Agent-based modeling and simulation},
	author={Macal, Charles and North, Michael},
	booktitle={Proceedings of the winter simulation conference 2014},
	pages={6--20},
	year={2014},
	organization={IEEE}
}
@inproceedings{geisberger2008contraction,
	title={Contraction hierarchies: Faster and simpler hierarchical routing in road networks},
	author={Geisberger, Robert and Sanders, Peter and Schultes, Dominik and Delling, Daniel},
	booktitle={International workshop on experimental and efficient algorithms},
	pages={319--333},
	year={2008},
	organization={Springer}
}
@article{pocchiola1996topologically,
	title={Topologically sweeping visibility complexes via pseudotriangulations},
	author={Pocchiola, Michel and Vegter, Gert},
	journal={Discrete \& Computational Geometry},
	volume={16},
	number={4},
	pages={419--453},
	year={1996},
	publisher={Springer}
}
