@online{geolexica-202,
	title = {ISO 19109:2015 Geographic information -- 4.13 geographic data},
	date = {2022-12-31},
	url = {https://www.iso.org/obp/ui/#iso:std:iso:19109:ed-2:v1:en},
}
@online{ogc-geotiff,
	title = {OGC GeoTIFF Standard},
	date = {2022-12-31},
	url = {http://docs.opengeospatial.org/is/19-008r4/19-008r4.html},
}
